@article{Piechon95,
  title = {Analytical Results for Scaling Properties of the Spectrum of the Fibonacci Chain},
  author = {Pi\'echon, Fr\'ed\'eric and Benakli, Mourad and Jagannathan, Anuradha},
  journal = {Phys. Rev. Lett.},
  volume = {74},
  issue = {26},
  pages = {5248--5251},
  numpages = {0},
  year = {1995},
  month = {Jun},
  publisher = {American Physical Society},
  doi = {10.1103/PhysRevLett.74.5248},
  url = {http://link.aps.org/doi/10.1103/PhysRevLett.74.5248}
}
