@article{Halsey1986,
author = {Halsey, TC and Jensen, MH and Kadanoff, LP},
file = {:home/nicolas/.local/share/data/Mendeley Ltd./Mendeley Desktop/Downloaded/Halsey, Jensen, Kadanoff - 1986 - Fractal measures and their singularities the characterization of strange sets.pdf:pdf},
journal = {Physical Review A},
number = {2},
title = {{Fractal measures and their singularities: the characterization of strange sets}},
url = {http://journals.aps.org/pra/abstract/10.1103/PhysRevA.33.1141},
volume = {33},
year = {1986}
}
