@article{Zhong1991,
author = {Zhong, JX and You, JQ and Yan, JR and Yan, XH},
file = {:home/nicolas/Downloads/PhysRevB.43.13778.pdf:pdf},
journal = {Physical Review B},
number = {16},
pages = {778--781},
title = {{Local electronic properties of one-dimensional quasiperiodic systems}},
url = {http://journals.aps.org/prb/abstract/10.1103/PhysRevB.43.13778},
volume = {43},
year = {1991}
}

@article{Rudinger1996,
author = {R\"{u}dinger, Andreas and Sire, Cl\'{e}ment},
file = {:home/nicolas/Documents/Mendeley Desktop/R\"{u}dinger, Sire/Journal of Physics A Mathematical and Theoretical/R\"{u}dinger, Sire - 1996 - Analytical results for multifractal properties of spectra of quasiperiodic Hamiltonians near the periodic chain.pdf:pdf},
journal = {Journal of Physics A: Mathematical and Theoretical},
number = {29},
title = {{Analytical results for multifractal properties of spectra of quasiperiodic Hamiltonians near the periodic chain}},
volume = {3537},
year = {1996}
}

@article{Piechon95,
  title = {Analytical Results for Scaling Properties of the Spectrum of the Fibonacci Chain},
  author = {Pi\'echon, Fr\'ed\'eric and Benakli, Mourad and Jagannathan, Anuradha},
  journal = {Phys. Rev. Lett.},
  volume = {74},
  issue = {26},
  pages = {5248--5251},
  numpages = {0},
  year = {1995},
  month = {Jun},
  publisher = {American Physical Society},
  doi = {10.1103/PhysRevLett.74.5248},
  url = {http://link.aps.org/doi/10.1103/PhysRevLett.74.5248}
}

@article{Halsey1986,
author = {Halsey, TC and Jensen, MH and Kadanoff, LP},
file = {:home/nicolas/Documents/Mendeley Desktop/Halsey, Jensen, Kadanoff/Physical Review A/PhysRevA.33.1141.pdf:pdf},
journal = {Physical Review A},
number = {2},
title = {{Fractal measures and their singularities: the characterization of strange sets}},
url = {http://journals.aps.org/pra/abstract/10.1103/PhysRevA.33.1141},
volume = {33},
year = {1986}
}

@article{Niu1990,
author = {Niu, Q and Nori, Franco},
file = {:home/nicolas/Documents/Mendeley Desktop/Niu, Nori/Physical Review B/niunoriPRB.pdf:pdf},
journal = {Physical Review B},
number = {16},
title = {{Spectral splitting and wave-function scaling in quasicrystalline and hierarchical structures}},
url = {http://journals.aps.org/prb/abstract/10.1103/PhysRevB.42.10329},
volume = {42},
year = {1990}
}

@article{Moss,
author = {Mosseri, R},
journal = {Les Houches proceedings},
number = {},
title = {{Universalities in condensed matter.}},
url = {},
volume = {42},
year = {1988}
}

@article{MossSire,
author = {Sire, C and Mosseri, R},
journal = {J. Phys. France},
number = {15},
title = {{Extended states, gap closing,... some exact results for codimension one quasicrystals}},
url = {http://dx.doi.org/10.1051/jphys:0199000510150156900},
volume = {51},
year = {1990}
}

@article{KaluginKitaevLevitov,
author = {Kalugin, P and Kitaev, A and Levitov, L},
journal = {Sov. Phys. JETP},
number = {2},
title = {{Electron spectrum of a one-dimensional quasicrystal.}},
url = {http://www.jetp.ac.ru/cgi-bin/e/index/e/64/2/p410?a=list},
volume = {64},
year = {1986}
}

@article{DamanikGorodetski,
year={2011},
issn={0010-3616},
journal={Communications in Mathematical Physics},
volume={305},
number={1},
doi={10.1007/s00220-011-1220-2},
title={Spectral and Quantum Dynamical Properties of the Weakly Coupled Fibonacci Hamiltonian},
url={http://dx.doi.org/10.1007/s00220-011-1220-2},
publisher={Springer-Verlag},
author={Damanik, David and Gorodetski, Anton},
pages={221-277},
language={English}
}
