@article{Zhong1991,
author = {Zhong, JX and You, JQ and Yan, JR and Yan, XH},
file = {:home/nicolas/Downloads/PhysRevB.43.13778.pdf:pdf},
journal = {Physical Review B},
number = {16},
pages = {778--781},
title = {{Local electronic properties of one-dimensional quasiperiodic systems}},
url = {http://journals.aps.org/prb/abstract/10.1103/PhysRevB.43.13778},
volume = {43},
year = {1991}
}

@article{Rudinger1996,
author = {R\"{u}dinger, Andreas and Sire, Cl\'{e}ment},
file = {:home/nicolas/Documents/Mendeley Desktop/R\"{u}dinger, Sire/Journal of Physics A Mathematical and Theoretical/R\"{u}dinger, Sire - 1996 - Analytical results for multifractal properties of spectra of quasiperiodic Hamiltonians near the periodic chain.pdf:pdf},
journal = {Journal of Physics A: Mathematical and Theoretical},
number = {29},
title = {{Analytical results for multifractal properties of spectra of quasiperiodic Hamiltonians near the periodic chain}},
volume = {3537},
year = {1996}
}
