@article{Zhong1991,
author = {Zhong, JX and You, JQ and Yan, JR and Yan, XH},
file = {:home/nicolas/Downloads/PhysRevB.43.13778.pdf:pdf},
journal = {Physical Review B},
number = {16},
pages = {778--781},
title = {{Local electronic properties of one-dimensional quasiperiodic systems}},
url = {http://journals.aps.org/prb/abstract/10.1103/PhysRevB.43.13778},
volume = {43},
year = {1991}
}
